@inproceedings{potet2014lazart,
  title={Lazart: A symbolic approach for evaluation the robustness of secured codes against control flow injections},
  author={Potet, Marie-Laure and Mounier, Laurent and Puys, Maxime and Dureuil, Louis},
  booktitle={2014 IEEE Seventh International Conference on Software Testing, Verification and Validation},
  pages={213--222},
  year={2014},
  organization={IEEE},
}

@inproceedings{Schmidt/FDTC09,
  title={Optical fault attacks on AES: A threat in violet},
  author={Schmidt, J{\"o}rn-Marc and Hutter, Michael and Plos, Thomas},
  booktitle={2009 Workshop on Fault Diagnosis and Tolerance in Cryptography (FDTC)},
  pages={13--22},
  year={2009},
  organization={IEEE}
}

@inproceedings{Timmers/FDTC16,
  title={Controlling PC on ARM using fault injection},
  author={Timmers, Niek and Spruyt, Albert and Witteman, Marc},
  booktitle={2016 Workshop on Fault Diagnosis and Tolerance in Cryptography (FDTC)},
  pages={25--35},
  year={2016},
  organization={IEEE}
}

@inproceedings{Biham/AICC97,
  title={Differential fault analysis of secret key cryptosystems},
  author={Biham, Eli and Shamir, Adi},
  booktitle={Annual international cryptology conference},
  pages={513--525},
  year={1997},
  organization={Springer}
}

@inproceedings{Hutter/ICSCRAA13,
  title={The temperature side channel and heating fault attacks},
  author={Hutter, Michael and Schmidt, J{\"o}rn-Marc},
  booktitle={International Conference on Smart Card Research and Advanced Applications},
  pages={219--235},
  year={2013},
  organization={Springer}
}

@inproceedings{Kocher/99DPA,
  title={Differential power analysis},
  author={Kocher, Paul and Jaffe, Joshua and Jun, Benjamin},
  booktitle={Annual international cryptology conference},
  pages={388--397},
  year={1999},
  organization={Springer}
}

@article{Korcher/11,
  title={Introduction to differential power analysis},
  author={Kocher, Paul and Jaffe, Joshua and Jun, Benjamin and Rohatgi, Pankaj},
  journal={Journal of Cryptographic Engineering},
  volume={1},
  number={1},
  pages={5--27},
  year={2011},
  publisher={Springer}
}

@inproceedings{Pandolfi/CHES01, 
  title={Electromagnetic analysis: Concrete results},
  author={Gandolfi, Karine and Mourtel, Christophe and Olivier, Francis},
  booktitle={International workshop on cryptographic hardware and embedded systems},
  pages={251--261},
  year={2001},
  organization={Springer}
}

@inproceedings{Kocher/96TA,
  title={Timing attacks on implementations of Diffie-Hellman, RSA, DSS, and other systems},
  author={Kocher, Paul C},
  booktitle={Annual International Cryptology Conference},
  pages={104--113},
  year={1996},
  organization={Springer}
}

@inproceedings{Tiri/DAC07,
  title={Side-channel attack pitfalls},
  author={Tiri, Kris},
  booktitle={2007 44th ACM/IEEE Design Automation Conference},
  pages={15--20},
  year={2007},
  organization={IEEE}
}

@inproceedings{Asonov/SSP04,
  title={Keyboard acoustic emanations},
  author={Asonov, Dmitri and Agrawal, Rakesh},
  booktitle={IEEE Symposium on Security and Privacy, 2004. Proceedings. 2004},
  pages={3--11},
  year={2004},
  organization={IEEE}
}

@article{Gupta/JCS18,
  title={A side-channel attack on smartphones: Deciphering key taps using built-in microphones},
  author={Gupta, Haritabh and Sural, Shamik and Atluri, Vijayalakshmi and Vaidya, Jaideep},
  journal={Journal of Computer Security},
  volume={26},
  number={2},
  pages={255--281},
  year={2018},
  publisher={IOS Press}
}

@inproceedings{Boneh/EUROCRYPT97,
  title={On the importance of checking cryptographic protocols for faults},
  author={Boneh, Dan and DeMillo, Richard A and Lipton, Richard J},
  booktitle={International conference on the theory and applications of cryptographic techniques},
  pages={37--51},
  year={1997},
  organization={Springer}
}

@inproceedings{Poucheret/FDTC11,
  title={Local and direct em injection of power into cmos integrated circuits},
  author={Poucheret, Fran{\c{c}}ois and Tobich, Karim and Lisarty, Mathieu and Chusseauz, L and Robissonx, B and Maurine, Philippe},
  booktitle={2011 Workshop on Fault Diagnosis and Tolerance in Cryptography},
  pages={100--104},
  year={2011},
  organization={IEEE}
}

@inproceedings{Colombier/HOST19,
  title = {{Laser-induced Single-bit Faults in Flash Memory: Instructions Corruption on a 32-bit Microcontroller}},
  author = {Colombier, Brice and Menu, Alexandre and DUTERTRE, Jean-Max and Mo{\"e}llic, Pierre-Alain and Rigaud, Jean-Baptiste and Danger, Jean-Luc},
  URL = {https://hal.telecom-paris.fr/hal-02344050},
  booktitle = {{2019 IEEE International Symposium on Hardware Oriented Security and Trust (HOST)}},
  address = {McLean, United States},
  publisher = {{IEEE}},
  pages = {1-10},
  year = {2019},
  month = May,
  doi = {10.1109/HST.2019.8741030},
  HAL_ID = {hal-02344050},
  HAL_VERSION = {v1},
}

@article{Kim/ACM14,
  title={Flipping bits in memory without accessing them: An experimental study of DRAM disturbance errors},
  author={Kim, Yoongu and Daly, Ross and Kim, Jeremie and Fallin, Chris and Lee, Ji Hye and Lee, Donghyuk and Wilkerson, Chris and Lai, Konrad and Mutlu, Onur},
  journal={ACM SIGARCH Computer Architecture News},
  volume={42},
  number={3},
  pages={361--372},
  year={2014},
  publisher={ACM New York, NY, USA}
}

@article{Seaborn/BH15,
  title={Exploiting the DRAM rowhammer bug to gain kernel privileges},
  author={Seaborn, Mark and Dullien, Thomas},
  journal={Black Hat},
  volume={15},
  pages={71},
  year={2015},
  publisher={USA}
}

@inproceedings{Yuce/HSS16,
  author    = {Bilgiday Yuce and
               Patrick Schaumont and
               Marc Wittenman},
  title     = {Fault Attacks on Secure Embedded Software: Threats, Design, and Evaluation},
  booktitle = {Journal of Hardware and Systems Security},
  pages     = {111--130},
  year      = {2018},
  doi       = {10.1007/s41635-018-0038-1}
}

@inproceedings{Verbauwhede/FDTC11,
  author={I. {Verbauwhede} and D. {Karaklajic} and J. {Schmidt}},
  booktitle={2011 Workshop on Fault Diagnosis and Tolerance in Cryptography}, 
  title={The Fault Attack Jungle - A Classification Model to Guide You}, 
  year={2011},
  volume={},
  number={},
  pages={3-8},
  doi={10.1109/FDTC.2011.13}
}

@inproceedings{Roscian/FDTC13,
  title={Fault model analysis of laser-induced faults in sram memory cells},
  author={Roscian, Cyril and Sarafianos, Alexandre and Dutertre, Jean-Max and Tria, Assia},
  booktitle={2013 Workshop on Fault Diagnosis and Tolerance in Cryptography},
  pages={89--98},
  year={2013},
  organization={IEEE}
}

@article{Barenghi/IEEE2012,
  title={Fault injection attacks on cryptographic devices: Theory, practice, and countermeasures},
  author={Barenghi, Alessandro and Breveglieri, Luca and Koren, Israel and Naccache, David},
  journal={Proceedings of the IEEE},
  volume={100},
  number={11},
  pages={3056--3076},
  year={2012},
  publisher={IEEE},
  doi={10.1109/JPROC.2012.2188769}
}

@misc{Wookey,
   author = {Wookey/SSTIC20},
    title = {Inter-CESTI: Methodological and Technical Feedbacks on Hardware Devices Evaluations},
  howpublished = "\url{https://www.sstic.org/media/SSTIC2020/SSTIC-actes/inter-cesti_methodological_and_technical_feedbacks/SSTIC2020-Article-inter-cesti_methodological_and_technical_feedbacks_on_hardware_devices_evaluations-benadjila.pdf}",
  year={2020},
    
}

@inproceedings{Lalande/ESORICS14,
  author    = {Jean{-}Fran{\c{c}}ois Lalande and
               Karine Heydemann and
               Pascal Berthom{\'{e}}},
  title     = {Software Countermeasures for Control Flow Integrity of Smart Card
               {C} Codes},
  booktitle = {Pr. of the 19th European Symposium on
               Research in Computer Security, {ESORICS} 2014
               },
  pages     = {200--218},
  year      = {2014},
  doi       = {10.1007/978-3-319-11212-1_12},
  timestamp = {Wed, 10 Sep 2014 21:05:42 +0200},
  biburl    = {http://dblp.uni-trier.de/rec/bib/conf/esorics/LalandeHB14},
  bibsource = {dblp computer science bibliography, http://dblp.org}
}


@misc{Ferriere/LLVM19,
    author = {François de Ferrière},
    title = {A compiler approach to Cyber-Security},
    howpublished = {2019 European LLVM developers' meeting},
    year = {2019}
}

@inproceedings{Dureuil/PPLCC16,
  author    = {Louis Dureuil and
               Guillaume Petiot and
               Marie{-}Laure Potet and
               Thanh{-}Ha Le and
               Aude Crohen and
               Philippe de Choudens},
  title     = {{FISSC:} {A Fault Injection and Simulation Secure Collection}},
  booktitle = {Computer Safety, Reliability, and Security - 35th International Conference,
               {SAFECOMP} 2016, Trondheim, Norway, September 21-23, 2016, Proceedings},
  pages     = {3--11},
  year      = {2016}
}

@article{Nashimoto/JCE17,
  title={Buffer overflow attack with multiple fault injection and a proven countermeasure},
  author={Nashimoto, Shoei and Homma, Naofumi and Hayashi, Yu-ichi and Takahashi, Junko and Fuji, Hitoshi and Aoki, Takafumi},
  journal={Journal of Cryptographic Engineering},
  volume={7},
  number={1},
  pages={35--46},
  year={2017},
  publisher={Springer}
}

@inproceedings{Riviere/HOST15,
  author    = {Lionel Rivi{\`{e}}re and
               Zakaria Najm and
               Pablo Rauzy and
               Jean{-}Luc Danger and
               Julien Bringer and
               Laurent Sauvage},
  title     = {High Precision Fault Injections on the Instruction Cache of
               ARMv7-M Architectures},
  booktitle = {{IEEE} International Symposium on Hardware Oriented Security
               and Trust, {HOST} 2015, Washington, DC, USA, 5-7 May, 2015},
  pages     = {62--67},
  publisher = {IEEE},
  year      = {2015},
  doi       = {10.1109/HST.2015.7140238},
  timestamp = {Tue, 07 Jul 2015 20:50:19 +0200},
  biburl    = {http://dblp.uni-trier.de/rec/bib/conf/host/RiviereNRDBS15},
  bibsource = {dblp computer science bibliography, http://dblp.org}
}

@inproceedings{Laurent/DATE19,
  author={J. {Laurent} and V. {Beroulle} and C. {Deleuze} and F. {Pebay-Peyroula}},
  booktitle={2019 Design, Automation   Test in Europe Conference   Exhibition (DATE)}, 
  title={Fault Injection on Hidden Registers in a RISC-V Rocket Processor and Software Countermeasures}, 
  year={2019},
  volume={},
  number={},
  pages={252-255},
  doi={10.23919/DATE.2019.8715158}
}

@inproceedings{Balasch/FDTC11,
  author={J. {Balasch} and B. {Gierlichs} and I. {Verbauwhede}},
  booktitle={2011 Workshop on Fault Diagnosis and Tolerance in Cryptography},
  title={An In-depth and Black-box Characterization of the Effects of Clock Glitches on 8-bit MCUs}, 
  year={2011},
  volume={},
  number={},
  pages={105-114},
  doi={10.1109/FDTC.2011.9}
}

@inproceedings{Blomer/CCS03,
  author = {Bl\"{o}mer, Johannes and Otto, Martin and Seifert, Jean-Pierre},
  title = {A New CRT-RSA Algorithm Secure against Bellcore Attacks},
  booktitle = {10th ACM conference on Computer and communications security},
  year = {2003},
  isbn = {1581137389},
  publisher = {Association for Computing Machinery},
  address = {New York, NY, USA},
  doi = {10.1145/948109.948151},
  pages = {311–320},
  numpages = {10},
  keywords = {cryptanalysis, smartcards, faults attacks, Chinese remainder theorem, Bellcore attack, RSA},
  location = {Washington D.C., USA},
  series = {CCS '03}
}

@InProceedings{Lattner/CGO04,
     Author  = {Chris Lattner and Vikram Adve},
     Title = {{LLVM}: A Compilation Framework for Lifelong Program
              Analysis and Transformation},
     Booktitle = {CGO},
     Address = {San Jose, CA, USA},
     Month = {Mar},
     Year  = {2004},
     pages = {75--88},
}

@article{Benso/TODAES98,
  title={EXFI: a low-cost fault injection system for embedded microprocessor-based boards},
  author={Benso, Alfredo and Prinetto, Paolo and Rebaudengo, Maurizio and Reorda, M Sonza},
  journal={ACM Transactions on Design Automation of Electronic Systems (TODAES)},
  volume={3},
  number={4},
  pages={626--634},
  year={1998},
  publisher={ACM New York, NY, USA}
}

@inproceedings{Georgakoudis/ICHPCNSA17,
  title={Refine: Realistic fault injection via compiler-based instrumentation for accuracy, portability and speed},
  author={Georgakoudis, Giorgis and Laguna, Ignacio and Nikolopoulos, Dimitrios S and Schulz, Martin},
  booktitle={Proceedings of the International Conference for High Performance Computing, Networking, Storage and Analysis},
  pages={1--14},
  year={2017}
}

@inproceedings{Thomas/SELSE13,
  title={LLFI: An intermediate code level fault injector for soft computing applications},
  author={Thomas, Anna and Pattabiraman, Karthik},
  booktitle={Workshop on Silicon Errors in Logic System Effects (SELSE)},
  year={2013}
}

@phdthesis{Werner/Phd22,
  title={Optimiser l'identification et l'exploitation de vuln{\'e}rabilit{\'e} à l'injection de faute sur microcontr{\"o}leurs},
  author={Werner, Vincent},
  year={2022},
  school={Universit{\'e} Grenoble Alpes}
}

@inproceedings{Faurax/CSS06,
  title={A generic method for fault injection in circuits},
  author={Faurax, Olivier and Freund, Laurent and Tria, Assia and Muntean, Traian and Bancel, Fr{\'e}d{\'e}ric},
  booktitle={2006 6th International Workshop on System on Chip for Real Time Applications},
  pages={211--214},
  year={2006},
  organization={IEEE}
}

@inproceedings{kim2007fault,
  title={Fault attacks for CRT based RSA: New attacks, new results, and new countermeasures},
  author={Kim, Chong Hee and Quisquater, Jean-Jacques},
  booktitle={IFIP International Workshop on Information Security Theory and Practices},
  pages={215--228},
  year={2007},
  organization={Springer}
}

@inproceedings{Le/DATE18,
  title={Resilience evaluation via symbolic fault injection on intermediate code},
  author={Le, Hoang M and Herdt, Vladimir and Gro{\ss}e, Daniel and Drechsler, Rolf},
  booktitle={2018 Design, Automation \& Test in Europe Conference \& Exhibition (DATE)},
  pages={845--850},
  year={2018},
  organization={IEEE}
}

@article{Natella/ACM16,
	title = {Assessing {Dependability} with {Software} {Fault} {Injection}: {A} {Survey}},
	volume = {48},
	issn = {03600300},
	shorttitle = {Assessing {Dependability} with {Software} {Fault} {Injection}},
	url = {http://dl.acm.org/citation.cfm?doid=2856149.2841425},
	doi = {10.1145/2841425},
	language = {en},
	number = {3},
	urldate = {2019-12-11},
	journal = {ACM Computing Surveys},
	author = {Natella, Roberto and Cotroneo, Domenico and Madeira, Henrique S.},
	month = feb,
	year = {2016},
	pages = {1--55},
	file = {Natella et al. - 2016 - Assessing Dependability with Software Fault Inject.pdf:/home/boespfle/Zotero/storage/TX94TBQJ/Natella et al. - 2016 - Assessing Dependability with Software Fault Inject.pdf:application/pdf}
}

@inproceedings{Pattabiraman/DSN08,
  title={SymPLFIED: Symbolic program-level fault injection and error detection framework},
  author={Pattabiraman, Karthik and Nakka, Nithin and Kalbarczyk, Zbigniew and Iyer, Ravishankar},
  booktitle={Dependable Systems and Networks With FTCS and DCC, 2008. DSN 2008. IEEE International Conference on},
  pages={472--481},
  year={2008},
  organization={IEEE}
}

@inproceedings{lacombe2021combining,
  title={Combining Static Analysis and Dynamic Symbolic Execution in a Toolchain to detect Fault Injection Vulnerabilities},
  author={Lacombe, Guilhem and Feliot, David and Boespflug, Etienne and Potet, Marie-Laure},
  booktitle={PROOFS WORKSHOP (SECURITY PROOFS FOR EMBEDDED SYSTEMS)},
  year={2021}
}